<record><leader>00000cas a2200000 a 4500</leader><controlfield tag="001">46862995</controlfield><controlfield tag="008">010502d18841885miuwr n       0    0eng c</controlfield><datafield ind1=" " ind2=" " tag="010"><subfield code="a">sn2001061648</subfield></datafield><datafield ind1=" " ind2=" " tag="040"><subfield code="a">MHN</subfield><subfield code="b">eng</subfield><subfield code="c">MHN</subfield><subfield code="d">OCLCQ</subfield><subfield code="d">OCLCF</subfield><subfield code="d">OCLCO</subfield></datafield><datafield ind1="1" ind2=" " tag="029"><subfield code="a">AU@</subfield><subfield code="b">000022685256</subfield></datafield><datafield ind1=" " ind2=" " tag="042"><subfield code="a">pcc</subfield></datafield><datafield ind1=" " ind2=" " tag="043"><subfield code="a">n-us-mi</subfield></datafield><datafield ind1="0" ind2="4" tag="245"><subfield code="a">The Portage Lake herald.</subfield></datafield><datafield ind1=" " ind2=" " tag="260"><subfield code="a">Hancock, Mich. :</subfield><subfield code="b">T.J. Prince and Co.</subfield></datafield><datafield ind1=" " ind2=" " tag="300"><subfield code="a">v.</subfield></datafield><datafield ind1=" " ind2=" " tag="310"><subfield code="a">Weekly</subfield></datafield><datafield ind1="0" ind2=" " tag="362"><subfield code="a">Vol. 1, no. 1 (May 13, 1894)-</subfield></datafield><datafield ind1="1" ind2=" " tag="362"><subfield code="a">Cease in 1895.</subfield></datafield><datafield ind1=" " ind2=" " tag="588"><subfield code="a">Description based on.</subfield></datafield><datafield ind1=" " ind2="0" tag="651"><subfield code="a">Hancock (Mich.)</subfield><subfield code="v">Newspapers.</subfield></datafield><datafield ind1=" " ind2="0" tag="651"><subfield code="a">Houghton County (Mich.)</subfield><subfield code="v">Newspapers.</subfield></datafield><datafield ind1=" " ind2="7" tag="655"><subfield code="a">Newspapers.</subfield><subfield code="2">fast</subfield><subfield code="0">(OCoLC)fst01423814</subfield></datafield><datafield ind1=" " ind2="7" tag="651"><subfield code="a">Michigan</subfield><subfield code="z">Hancock.</subfield><subfield code="2">fast</subfield><subfield code="0">(OCoLC)fst01222414</subfield></datafield><datafield ind1=" " ind2="7" tag="651"><subfield code="a">Michigan</subfield><subfield code="z">Houghton County.</subfield><subfield code="2">fast</subfield><subfield code="0">(OCoLC)fst01214775</subfield></datafield><datafield ind1=" " ind2=" " tag="752"><subfield code="a">United States</subfield><subfield code="b">Michigan</subfield><subfield code="c">Houghton</subfield><subfield code="d">Hancock.</subfield></datafield><datafield ind1="0" ind2="0" tag="785"><subfield code="t">Hancock mining herald</subfield><subfield code="w">(DLC)sn2001061647</subfield><subfield code="w">(OCoLC)48652158</subfield></datafield></record>